3038 5090
1165 513 1214 600 tii·

127 637 261 754 quidem
290 664 312 714 a
338 633 373 713 se
392 628 526 751 dillitas
551 623 712 741 plegae‚·
729 649 776 713 e'x
800 631 925 716 A'frice·
943 643 992 715 in·
1022 637 1207 749 Eu'r'oparn

91 809 95 816 ·
121 766 257 859 redux,
286 757 498 838 modinum
524 756 557 836 se
583 760 1215 852 contulre‚irenmneirdun1.rn.

119 905 186 977 nui
212 889 486 998 exploraturus.
509 884 706 968 'Omnibus
743 887 828 967 inde
870 889 1120 998 speciminibus
1139 901 1214 980 rite

120 1018 340 1132 perspeffls‚
366 1014 542 1093 nonnulla
569 1045 590 1093 a
617 1023 804 1094 cornn‘runi
821 1031 958 1111 ‘mentej
980 1017 1108 1099 enirn
1142 1033 1210 1104 in·

125 1148 290 1230 rellexit.
324 1138 428 1221 Idem
455 1139 650 1221 dicendum
674 1141 721 1221 de
748 1141 951 1222 Pluclrnerii
988 1143 1211 1253 potissimum

124 1273 343 1384 Phytologia
367 1267 418 1346 ob
443 1275 649 1375 incongrue
681 1275 900 1376 Synoninriae
932 1271 1107 1352 caussam.
1132 1281 1208 1354 Ne-

128 1428 195 1512 que
220 1408 258 1475 in
283 1405 326 1475 iis
355 1391 511 1474 constitit
537 1403 627 1474 tanti
651 1401 727 1473 Viri
760 1395 953 1478 sedulitas.
988 1401 1211 1510 Exemplari·

132 1527 196 1608 bus
220 1520 465 1602 Foreltaelianis
489 1547 571 1602 cunr
600 1519 833 1630 descriptione
854 1523 1012 1616 collatis,
1040 1523 1210 1632 plurimae

132 1654 265 1762 plantas
292 1645 343 1726 ad
369 1645 510 1724 Floram
537 1646 920 1757 AEgyptionrabican
947 1651 1091 1748 relatae,
1120 1661 1211 1732 iam-

123 1777 186 1862 diu
214 1772 410 1856 innotuisse
437 1783 633 1883 comperit.

231 1897 400 1996 Quodst
436 1905 641 2009 Specierutn
677 1899 908 1980 definitiones
944 1900 1132 2011 tyronibus
1165 1905 1209 1988 ad

121 2037 269 2124 elatam,
308 2026 579 2136 dillinslamque
606 2027 745 2134 illarum
781 2037 968 2108 notionem
999 2038 1213 2139 concipien-

124 2161 201 2241 darn
226 2169 370 2239 incerte
400 2152 518 2234 adhuc
546 2153 758 2252 videantur,
794 2177 835 2234 ut
860 2163 978 2234 onrnis
1005 2154 1090 2236 inde
1117 2183 1212 2240 erro·

127 2293 171 2365 ris
193 2281 349 2394 suspicio
374 2308 395 2358 e
423 2277 542 2358 medio
571 2279 738 2375 tollatur,
771 2280 915 2360 cuilibet
941 2279 1065 2390 speciei
1092 2281 1213 2366 brevis

131 2405 299 2515 quiden,
328 2404 366 2484 δι
391 2403 558 2498 concisa,
587 2403 648 2492 sed
674 2431 797 2485 tamen
824 2433 908 2515 apra
935 2403 1078 2487 additur
1101 2415 1210 2488 totius
1341 2433 1345 2454 ¹

125 2533 246 2641 plenta
290 2529 508 2640 descriptio.
546 2539 659 2612 Notae
696 2555 816 2612 autern
859 2541 897 2608 in
935 2531 1210 2614 definitionibus

125 2659 327 2769 adpofirac,
363 2666 402 2736 in
434 2659 564 2769 plante
599 2655 837 2767 descriptione
868 2658 1095 2742 renovandus
1133 2691 1211 2748 non
1299 2707 1301 2712 ·

122 2787 233 2880 duxi,
263 2815 313 2866 ne
340 2781 465 2864 frustra
491 2784 623 2892 longus
651 2783 864 2867 evaderem.
961 2841 963 2850 .

224 2917 414 2999 Nomina,
454 2939 534 3018 quae
560 2909 741 3002 audiunt,
775 2909 924 2988 trivialia
958 2906 1113 3018 religiose
1136 2905 1213 2988 ser·

121 3062 205 3128 vo,
229 3062 358 3145 utpote
385 3035 590 3148 specierum
618 3043 759 3114 notioni
781 3029 996 3141 conlundi&
1025 3032 1086 3120 etsr
1110 3030 1212 3142 plan·

121 3187 166 3242 tte
186 3157 348 3238 indolem
373 3162 504 3270 pluries
526 3161 710 3245 destruent
730 3171 852 3271 potius
873 3190 984 3270 quarn
1003 3159 1211 3270 designent.
1241 3175 1242 3178 ’

210 3297 355 3402 thue
371 3283 531 3373 ¹eundern
558 3291 605 3372 de
633 3299 770 3404 Speciei
797 3291 941 3372 essentia
977 3321 1024 3370 ne
1062 3289 1212 3372 dubita-

124 3425 217 3498 tione
245 3418 463 3514 aestuemus,
491 3419 688 3500 nudorum
710 3443 853 3498 tantum
893 3421 1116 3526 synonimc,
1149 3438 1216 3526 qui,
1346 3471 1349 3480 ι

121 3537 166 3622 ‹le
190 3542 398 3628 Pleuratum
429 3541 554 3650 figuris
581 3533 706 3626 diserte
738 3540 916 3652 egerunt,
957 3569 1017 3624 nte
1059 3537 1215 3622 retulisse

120 3690 262 3774 gutum
286 3666 361 3750 fore
385 3667 558 3748 confidot
574 3697 730 3778 quorum
748 3699 856 3781 opera
875 3665 1046 3752 Botani'ce
1066 3691 1211 3744 tanturn

120 3793 226 3877 hebet
255 3823 360 3882 nune,
380 3805 550 3905 temporis
575 3797 777 3892 honorem,
802 3821 982 3905 quantum
1012 3790 1119 3870 nullo
1139 3816 1216 3866 utu·

85 4005 88 4019 ,ἵ
118 3948 227 4030 quam
254 3920 288 4001 se
305 3921 577 4004 consecuturam
594 3921 781 4032 sperassem
809 3949 893 4003 curn
916 3949 962 4000 erc
985 3917 1107 4029 priscis
1131 3915 1216 3996 her-

119 4040 245 4127 barum
273 4045 489 4158 imaginibus
515 4048 678 4131 divinare
705 4057 849 4158 potius,
887 4073 999 4158 quern
1041 4041 1124 4126 scire
1153 4049 1215 4124 vi·

120 4179 300 4281 deetnur,
329 4180 422 4298 quid
448 4181 512 4271 ille
538 4181 602 4263 srbl
627 4185 765 4268 velint.
